@book{колмогоров1950основные,
    title={Основные понятия теории вероятностей. 2 изд},
    author={Колмогоров, А. Н.},
    year={1950},
    publisher={М.: наука}
}

@article{колмогоров1983комбинаторные,
    title={Комбинаторные основания теории информации и исчисления вероятностей},
    author={Колмогоров, Андрей Николаевич},
    journal={Успехи математических наук},
    volume={38},
    number={4 (232},
    pages={27--36},
    year={1983},
    publisher={Российская академия наук, Математический институт им. ВА Стеклова Российской~…}
}

@MISC{GithubSource_2022,
    author = {Petro Kolosov},
    title = {LaTeX russian template Source files},
    howpublished = {Available electronically at \url {https://github.com/kolosovpetro/latex-russian-template}},
    year = {2022}
}

@MISC{Sloane_theencyclopedia,
    author = {N. J. A. Sloane},
    title = {The On-Line Encyclopedia of Integer Sequences},
    howpublished = {published electronically at \url {https://oeis.org}},
    year = {1964}
}